
@book{pavlovkin_ziak_1989,
	address = {Bratislava},
	edition = {1.},
	title = {Žiak a učebnica: {Psychologické} východiska tvorby učebníc pre mladších žiakov},
	isbn = {80-08-00109-7},
	publisher = {Slovenské pedagogické nakladateľstvo},
	author = {Pavlovkin, Michal and Macková, Zdenka},
	year = {1989},
}

@book{mlady_tvorba_1988,
	address = {Bratislava},
	edition = {1.},
	title = {Tvorba a výroba učebníc},
	publisher = {Slovenské pedagogické nakladateľstvo},
	author = {Mladý, Karol},
	year = {1988},
}

@book{zujev_ako_1986,
	address = {Bratislava},
	edition = {1.},
	title = {Ako tvoriť učebnice},
	publisher = {Slovenské pedagogické nakladateľstvo},
	author = {Zujev, Dmitrij Dmitrijevič},
	year = {1986},
}

@book{gavora_ziak_1992,
	address = {Bratislava},
	title = {Žiak a text},
	isbn = {80-08-00333-2},
	publisher = {Slovenské pedagogické nakladateľstvo},
	author = {Gavora, Peter},
	year = {1992},
}

@phdthesis{mindakova_tvorba_2008,
	address = {Košice},
	type = {Autoreferát dizertačnej práce},
	title = {Tvorba systémov úloh a ich implementácia do zbierky úloh},
	language = {sk},
	school = {Univerzita P.J.Šafárika},
	author = {Minďáková, Ingrid},
	year = {2008},
}

@misc{noauthor_edukacne_2023,
	title = {Edukačné publikácie - učebnice, učebné texty, pracovné zošity: {Ministerstvo} školstva, vedy, výskumu a športu {Slovenskej} republiky},
	url = {https://www.minedu.sk/edukacne-publikacie-ucebnice-ucebne-texty-pracovne-zosity/},
	urldate = {2023-06-29},
	year = {2023},
}

@phdthesis{krotky_nove_2015,
	address = {Plzeň},
	type = {Dizertačná práca},
	title = {Nové formy tvorby multimediálních učebnic},
	school = {Západočeská univerzita v Plzni},
	author = {Krotký, Jan},
	year = {2015},
}

@misc{noauthor_statny_2023,
	title = {Štátny vzdelávací program pre gymnáziá v {Slovenskej} republike},
	url = {www.statpedu.sk},
	publisher = {Štátny pedagogický ústav},
	year = {2023},
}

@misc{noauthor_statny_2023-1,
	title = {Štátny vzdelávací program pre odborné vzdelávanie a prípravu},
	url = {siov.sk},
	publisher = {Ministerstvo školstva, vedy, výskumu a športu Slovenskej republiky},
	year = {2023},
}

@book{divisek_zbierka_1990,
	address = {Bratislava},
	edition = {1.},
	title = {Zbierka úloh z matematiky pre 2. a 3. ročník základnej školy},
	isbn = {80-08-00602-1},
	publisher = {Slovenské pedagogické nakladateľstvo},
	author = {Divíšek, Jiří and Bálint, Ľudovít and Jarošová, Marie},
	year = {1990},
}

@book{noauthor_testy_2008,
	address = {Bratislava},
	title = {Testy do prímy - matematika},
	isbn = {978-80-89160-60-0},
	publisher = {Didaktis},
	year = {2008},
}

@misc{blaho_abcpython_2019,
	title = {{abcPython} - {Pracovné} listy pre {Python}},
	url = {https://abcpython.input.sk/},
	urldate = {30.6.2023},
	author = {Blaho, Andrej and Salanci, Ľubomír},
	year = {2019},
}

@misc{blaho_metodiky_2019,
	title = {Metodiky k pracovným listom pre {Python}},
	url = {https://abcpython-metodika.input.sk/},
	urldate = {30.6.2023},
	author = {Blaho, Andrej and Salanci, Ľubomír},
	year = {2019},
}

@misc{blaho_programovanie_2016,
	title = {Programovanie v {Pythone}},
	url = {https://input.sk/python2016/},
	urldate = {30.6.2023},
	author = {Blaho, Andrej},
	year = {2016},
}

@misc{korman_python_2020,
	title = {Python tutoriál},
	publisher = {Trojsten, o.z.},
	author = {Korman, Andrej and Sobkuliak, Roman},
	year = {2020},
}

@misc{noauthor_kucharka_2022,
	title = {Kuchárka {KSP} - {Korešpondenčný} seminár z programovania},
	url = {https://www.ksp.sk/kucharka/},
	urldate = {30.6.2023},
	year = {2022},
}

@book{kucera_programujeme_2016,
	address = {Bratislava},
	edition = {1.},
	title = {Programujeme v {Pythone}: učebnica informatiky pre stredné školy},
	isbn = {978-80-972320-4-7},
	author = {Kučera, Peter},
	year = {2016},
}

@book{shiffman_nature_2012,
	title = {The {Nature} of {Code}: {Simulating} {Natural} {Systems} with {Processing}},
	isbn = {978-0-9859308-0-6},
	url = {https://natureofcode.com/},
	author = {Shiffman, Daniel},
	year = {2012},
}

@book{talles_idiots_2014,
	title = {Idiots {Guide}: {Beginning} {Programming}},
	isbn = {978-1-61564-505-3},
	publisher = {Dorling Kindersley},
	author = {Talles, Matt},
	year = {2014},
}

@book{wattsova_skusis_1991,
	address = {Bratislava},
	title = {Skúsiš programovať?: {Basic} a strojový kód},
	isbn = {80-06-00178-2},
	publisher = {Mladé letá},
	author = {Wattsová, Lisa and Walters, Gaby},
	year = {1991},
}

@book{tatchellova_skusis_1990,
	address = {Bratislava},
	title = {Skúsiš to s mikropočítačom?: {Poznávame} a programujeme},
	isbn = {80-06-00107-3},
	publisher = {Mladé letá},
	author = {Tatchellová, Judy and Bennet, Bill},
	year = {1990},
}

@misc{hedvigova_algoritmy_2020,
	title = {Algoritmy a programovanie v {Pascale}: nielen pre maturantov z predmetu informatika},
	url = {http://web.archive.org/web/20200218113709/http://www.programovanie.kromsat.sk/prog-b/index.htm},
	urldate = {30.6.2023},
	author = {Hedvigová, Mária},
	month = feb,
	year = {2020},
}

@misc{noauthor_testovac_2023,
	title = {Testovač {KSP}},
	url = {https://testovac.ksp.sk/tasks/},
	urldate = {30.6.2023},
	year = {2023},
}

@book{meszarosova_python_2017,
	address = {Bratislava},
	title = {Python a korytnačia grafika},
	language = {sk},
	publisher = {Knižničné a edičné centrum FMFI UK},
	author = {Mészárosová, Eva},
	year = {2017},
}

@book{busek_zbierka_1987,
	address = {Bratislava},
	edition = {1.},
	title = {Zbierka úloh pre 3. ročník gymnázia},
	isbn = {67-169-87},
	publisher = {Slovenské pedagogické nakladateľstvo},
	author = {Bušek, Ivan and Šedivý, Jaroslav and Mannová, Božena and Riečan, Beloslav},
	year = {1987},
}

@book{sedivy_matematika_1986,
	address = {Bratislava},
	edition = {1.},
	title = {Matematika pre 3. ročník gymnázia},
	publisher = {Slovenské pedagogické nakladateľstvo},
	author = {Šedivý, Jaroslav and Bocko, Vladimír and Boček, Leo and Mannová, Božena and Müllerová, Jana and Polák, Josef and Riečan, Beloslav},
	year = {1986},
}

@phdthesis{drahosova_hodnotenie_2014,
	address = {Brno},
	type = {Diplomová práca},
	title = {Hodnotenie zrozumiteľnosti textu učebnice},
	school = {Pedagogikcá fakulta, Masarykova univerzita},
	author = {Drahošová, Renáta},
	year = {2014}
}

@article{skolsky_zakon,
  journal = {Zbierka zákonov},
  author = {NRSR},
  title   = {Zákon č. 245/2008 Z. z. o výchove a vzdelávaní (školský zákon) a o zmene a doplnení niektorých zákonov},
  year    = {2023},
}

@book{mishra_interactive_2005,
	address = {Hershey [Pa.]},
	title = {Interactive multimedia in education and training},
	isbn = {978-1-59140-393-7},
	language = {en},
	publisher = {Idea Group Pub},
	editor = {Mishra, Sanjaya and Sharma, Ramesh C.},
	year = {2005},
	keywords = {Interactive multimedia}
}

@phdthesis{uhercik_vyznam_2012,
	address = {Bratislava},
	type = {Diplomová práca},
	title = {Význam priestorovej konceptualizácie pre znižovanie kognitívnej záťaže v grafickom užívateľskom prostredí},
	language = {sk},
	school = {FMFI Univerzita Komenského},
	author = {Uherčík, Milan},
	year = {2012}
}
